@article{Tautan2021,
url = {https://doi.org/10.1515/bmt-2020-0139},
title = {Dimensionality reduction for EEG-based sleep stage detection: comparison of autoencoders, principal component analysis and factor analysis},
author = {Alexandra-Maria Tăuţan and Alessandro C. Rossi and Ruben de Francisco and Bogdan Ionescu},
pages = {125--136},
volume = {66},
number = {2},
journal = {Biomedical Engineering / Biomedizinische Technik},
doi = {doi:10.1515/bmt-2020-0139},
year = {2021},
lastchecked = {2023-11-11}
}

@article{Putilov2015,
title = {Principal component analysis of the EEG spectrum can provide yes-or-no criteria for demarcation of boundaries between NREM sleep stages},
journal = {Sleep Science},
volume = {8},
number = {1},
pages = {16-23},
year = {2015},
issn = {1984-0063},
doi = {https://doi.org/10.1016/j.slsci.2015.02.004},
url = {https://www.sciencedirect.com/science/article/pii/S1984006315000103},
author = {Arcady A. Putilov},
keywords = {EEG spectrum, Principal component analysis, Slow wave sleep, Sleep scoring, Sleep-wake regulation}
}

@book{Ganong1997,
	address = {Stamford, Conn},
	edition = {18. ed},
	title = {Review of medical physiology},
	isbn = {9780838584439 9780838582817},
	language = {eng},
	publisher = {Appleton \& Lange},
	author = {Ganong, William F.},
	year = {1997},
	pages = {182--190},
}

@article{Shlens2014,
      title={A Tutorial on Principal Component Analysis}, 
      author={Jonathon Shlens},
      year={2014},
      eprint={1404.1100},
      archivePrefix={arXiv},
      primaryClass={cs.LG}
}

@article{Ghassemi2018,
	url = {https://doi.org/10.22489/CinC.2018.049},
	title={You Snooze, You Win: the PhysioNet/Computing in Cardiology Challenge 2018}, 
	author={Mohammad M Ghassemi and Benjamin E Moody and Li-wei H Lehman and Christopher Song and Qiao Li and
	Haoqi Sun and Roger G Mark and M Brandon Westover and Gari D Clifford},
	year={2018},
	journal = {2018 Computing in Cardiology Conference (CinC)},
	pages = {1--4}
}

@article{Jolliffe2016,
	title={Principal component analysis: a review and recent developments}, 
	author={I. T. Jolliffe and J. Cadima},
	year={2016},
	journal = {Royal Society},
	volume = {374},
	number = {2065},
	url = {https://doi.org/10.1098/rsta.2015.0202}
}

@inproceedings{Howe2018,
	title={Automated detection of sleep arousals from polysomnography data using a dense convolutional neural network},
	author={Howe-Patterson, Matthew and Pourbabaee, Bahareh and Benard, Frederic},
	booktitle={2018 Computing in Cardiology Conference (CinC)},
	volume={45},
	pages={1--4},
	year={2018},
	organization={IEEE}
}


@article{Pearson1901,
	title={LIII. On lines and planes of closest fit to systems of points in space},
	author={Pearson, Karl},
	journal={The London, Edinburgh, and Dublin philosophical magazine and journal of science},
	volume={2},
	number={11},
	pages={559--572},
	year={1901},
	publisher={Taylor \& Francis}
}

@article{Hotelling1933,
	title={Analysis of a complex of statistical variables into principal components.},
	author={Hotelling, Harold},
	journal={Journal of educational psychology},
	volume={24},
	number={6},
	pages={417},
	year={1933},
	publisher={Warwick \& York}
}

